@article{Biasutti2011,
author = {Biasutti, Michela and Yuter, Sandra E. and Burleyson, Casey D. and Sobel, Adam H.},
doi = {10.1007/s00382-011-1146-6},
journal = {Clim. Dyn.},
pages = {239--258},
title = {{Very high resolution rainfall patterns measured by TRMM precipitation radar: seasonal and diurnal cycles}},
volume = {39},
year = {2011}
}
@article{Lintner2007,
author = {Lintner, Benjamin and Neelin, J. David},
doi = {10.1029/2006GL027305},
journal = {Geophys. Res. Lett.},
pages = {L05812},
title = {{A prototype for convective margin shifts}},
volume = {34},
year = {2007}
}
